@misc {globalstats,
	author = "StatCounter Global Stats",
	title = "Mobile vs Desktop Browsing",
	howpublished ="\url{http://gs.statcounter.com/#mobile_vs_desktop-ww-monthly-201210-201210-bar}"
}